=LDR  00615nam  22002295a 4500
=001  004123987
=003  NNU
=005  20150327121400.0
=008  150116s2016\\\\gr\\\\\\r\\\\\000\0\greod
=020  \\$a9789600516067
=035  \\$a(GrAtO)26249
=035  7\$aoion26249
=040  \\$aOionos
=041  0\$agre
=043  \\$ae-gr---
=100  1\$aKotsios, Theodōros N.
=245  10$aTa paidia tou oikotropheiou /$cTheodōros N. Kotsios.
=260  \\$aAthēna :$bVivliopōleion tēs Hestias,$c2014.
=300  \\$a236 p. ;$c21 cm.
=650  \0$aShort stories, Greek (Modern)
=852  0\$aNNU$bBOBST$cMAIN$p31142056765913

