=LDR  00725nam  22002415a 4500
=001  004124050
=003  NNU
=005  20150327145900.0
=008  150313s2014\\\\gr\\\\\\r\\\\\000\0\greod
=020  \\$a9789606804298
=035  \\$a(GrAtO)26394
=035  7\$aoion26394
=040  \\$aOionos
=041  0\$agre
=043  \\$ae-gr---
=100  1\$a9789606804298
=245  10$aEAM HELAS MELIGALAS :$bPraktores kai kommounistes stēn hypēresia tēs Autou Megaleiotētas /$cSpyros Chatzaras.
=260  \\$aAthēna :$bEkdoseis Lonchē,$c2014.
=300  \\$a256 p. ;$c21 cm.
=610  20$aEthnikon Apeleutherōtikon Metōpon (Greece)
=651  \0$aGreece$xHistory$yCivil War, 1944-1949.
=852  0\$aNNU$bBOBST$cMAIN$p31142056766945

