=LDR  00611nam  22001815a 4500
=001  004190526
=003  NNU
=005  20150925102811.0
=008  150925s2005\\\\xx\\\\\\\\\\\\000\0\gre\d
=020  \\$a9963001114 (pbk.)
=020  \\$a9789963001118 (pbk.)
=040  \\$aNNU$cNNU
=100  1\$aLamprou, Elenē.
=245  10$aEx optēs gēs :$banichneuontas ta paradosiaka aggeioplasteia tēs Leukōsias /$cElenē Lamprou, Eyphrosynē Rizopoulou-Ēgoumenidou.
=260  \\$a[Leukōsia] :$bPolitistikes Ypēresies, Ypourgeio Paideias kai Politismou,$cc2005.
=300  \\$a1 v.
=852  0\$aNNU$bBOBST$cMAIN$p31142052998781

