=LDR  00334nam  22001335a 4500
=001  004225867
=003  NNU
=005  20160120094040.0
=008  160120s1956\\\\xx\\\\\\\b\\\\000\0\gre\d
=040  \\$aNNU$cNNU
=245  00$aH íστορíα μιάς πολιτείας
=260  \\$a[S.I.]$bKAIPO$c1956
=852  0\$aNNU$bBOBST$cMAIN$p31142052999854

