=LDR  00359nam  22001455a 4500
=001  004225871
=003  NNU
=005  20160121102718.0
=008  160120s\\\\\\\\\\\\\\\\\b\\\\000\0\\\\\d
=040  \\$aNNU$beng$cNNU
=245  10$aΕΚΑΤΟΝ ΠΕΝΗΝΤΑ ΧΡΟΝΙΑ 1837-1987
=260  \\$a[S.I.]
=300  \\$a179 pages.
=852  0\$aNNU$bBOBST$cMAIN$p31142052999862

