=LDR  00378nam  22001455a 4500
=001  004225873
=003  NNU
=005  20160120094215.0
=008  160120s1975\\\\xx\\\\\\\b\\\\000\0\gre\d
=040  \\$aNNU$cNNU
=245  00$aΑΝΘΟΛΟΓΙΑ ΚΥΠΡΙΑΚΗΣ ΛΑΟΓΡΑΦΙΑΣ
=260  \\$a[S.I.]$bΛΕΥΚΩΣΙΆ$c1975
=300  \\$av.
=852  0\$aNNU$bBOBST$cMAIN$p31142052999870

