=LDR  00341nam  22001455a 4500
=001  004225874
=003  NNU
=005  20160120094550.0
=008  160120s1978\\\\xx\\\\\\\b\\\\000\0\gre\d
=040  \\$aNNU$cNNU
=245  00$aΚΥΠΡΙΑΚΟΙ ΛΑΙΚΟΙ ΧΟΡΟΙ
=260  \\$c1978.
=300  \\$a191 p.
=852  0\$aNNU$bBOBST$cMAIN$p31142052999888

