=LDR  00344nam  22001455a 4500
=001  004226448
=003  NNU
=005  20160120154217.0
=008  160120s1966\\\\xx\\\\\\\b\\\\000\0\gre\d
=040  \\$aNNU$beng$cNNU
=245  00$aΦΑΙΣΤΙΑΚΑ
=260  \\$a[S.I.]$bEN AΘHNAIΣ$c1966.
=300  \\$a109 p.
=852  0\$aNNU$bBOBST$cMAIN$p31142052999896

