=LDR  00422nam  22001575a 4500
=001  004226452
=003  NNU
=005  20160120154823.0
=008  160120s1962\\\\xx\\\\\\\b\\\\000\0\gre\d
=040  \\$aNNU$beng$cNNU
=245  00$aΜΎΚΗΝΑΪΚΗ ΑΚΡΟΠΟΛΙΣ ΤΩΝ ΑΘΗΝΩΝ
=260  \\$bAΘHNAI$c1962
=300  \\$a268 p.
=504  \\$aIncludes bibliographical references.
=852  0\$aNNU$bBOBST$cMAIN$p31142052999904

