=LDR  00364nam  22001455a 4500
=001  004226672
=003  NNU
=005  20160120163937.0
=008  160120s1974\\\\xx\\\\\\\b\\\\000\0\gre\d
=040  \\$aNNU$beng$cNNU
=245  00$aΗ MYKHNAΪKH EOPTH *ΘΡΟNOEΛKTHPIA
=260  \\$a[S.I.]$bEN AΘHNAIΣ$c1974.
=300  \\$a127 p.
=852  0\$aNNU$bBOBST$cMAIN$p31142052999912

