=LDR  00376nam  22001455a 4500
=001  004226675
=003  NNU
=005  20160120164350.0
=008  160120s1989\\\\xx\\\\\\\b\\\\000\0\gre\d
=040  \\$aNNU$beng$cNNU
=245  00$aBIOΓPAΦIKON ΛEΞIKON KYΠPIΩN :$b1800-1920
=260  \\$a[S.I.]$bΛΕΥΚΩΣΙΑ$c1989.
=300  \\$a196 p.
=852  0\$aNNU$bBOBST$cMAIN$p31142052999920

