=LDR  00363nam  22001455a 4500
=001  004226676
=003  NNU
=005  20160120164756.0
=008  160120s1964\\\\xx\\\\\\\b\\\\000\0\gre\d
=040  \\$aNNU$beng$cNNU
=245  00$aΗ ΠPOΪΣTOPIA THΣ ΠEΛOΠONNHΣOY
=260  \\$a[S.I.]$bEN AΘHNAIΣ$c1964
=300  \\$a633 p.
=852  0\$aNNU$bBOBST$cMAIN$p31142052999938

