=LDR  00348nam  22001455a 4500
=001  004226678
=003  NNU
=005  20160120165115.0
=008  160120s1945\\\\xx\\\\\\\b\\\\000\0\gre\d
=040  \\$aNNU$beng$cNNU
=245  00$aYΔATOΠPOMHΘEIA EN KYΠPΩ
=260  \\$aΛΕΥΚωΣΙΑ$c1945
=300  \\$a63 p.
=852  0\$aNNU$bBOBST$cMAIN$p31142052999946

