=LDR  00344nam  22001455a 4500
=001  004226680
=003  NNU
=005  20160120165404.0
=008  160120s1954\\\\xx\\\\\\\b\\\\000\0\gre\d
=040  \\$aNNU$beng$cNNU
=245  00$aΔEΛΦIKA ΓPAMMATA
=260  \\$a[S.I.]$bΔΕΛΦΟΙ$c1954
=300  \\$a62 p.
=852  0\$aNNU$bBOBST$cMAIN$p31142052999953




